<record><leader>00000cas a2200000 i 4500</leader><controlfield tag="001">891775150</controlfield><controlfield tag="006">m     o  d        </controlfield><controlfield tag="007">cr |||||||||||</controlfield><controlfield tag="008">141001d18611871iludn neo     0   a0eng  </controlfield><datafield ind1=" " ind2=" " tag="010"><subfield code="a">  2014218620</subfield></datafield><datafield ind1=" " ind2=" " tag="040"><subfield code="a">DLC</subfield><subfield code="b">eng</subfield><subfield code="e">rda</subfield><subfield code="c">DLC</subfield><subfield code="d">DLC</subfield><subfield code="d">NVF</subfield><subfield code="d">OCL</subfield></datafield><datafield ind1="0" ind2=" " tag="022"><subfield code="a">2375-205X</subfield><subfield code="2">1</subfield></datafield><datafield ind1=" " ind2=" " tag="042"><subfield code="a">pcc</subfield><subfield code="a">nsdp</subfield></datafield><datafield ind1=" " ind2=" " tag="043"><subfield code="a">n-us-il</subfield></datafield><datafield ind1="1" ind2="0" tag="050"><subfield code="a">ISSN RECORD</subfield></datafield><datafield ind1="0" ind2="0" tag="082"><subfield code="a">071</subfield><subfield code="2">23</subfield></datafield><datafield ind1="0" ind2=" " tag="130"><subfield code="a">Evening Argus (Rock Island, Ill. : Online)</subfield></datafield><datafield ind1=" " ind2="4" tag="222"><subfield code="a">The evening Argus</subfield><subfield code="b">(Rock Island, Ill. Online)</subfield></datafield><datafield ind1="1" ind2="4" tag="245"><subfield code="a">The evening Argus.</subfield></datafield><datafield ind1="1" ind2=" " tag="246"><subfield code="i">Publisher's box:</subfield><subfield code="a">Rock Island Argus</subfield><subfield code="f">Jan. 2, 1862-Jan. 18, 1867</subfield></datafield><datafield ind1="1" ind2=" " tag="246"><subfield code="i">Publisher's box:</subfield><subfield code="a">Daily Argus</subfield><subfield code="f">April 2, 1870-June 17, 1871</subfield></datafield><datafield ind1=" " ind2="1" tag="264"><subfield code="a">Rock Island, Ill. :</subfield><subfield code="b">Danforth &amp; Jones,</subfield><subfield code="c">1861-1871.</subfield></datafield><datafield ind1="2" ind2="1" tag="264"><subfield code="3">&lt;Jan. 3, 1865&gt;-Jan. 18, 1867</subfield><subfield code="a">Rock Island, Ill. :</subfield><subfield code="b">J.B. Danforth, Jr.</subfield></datafield><datafield ind1="2" ind2="1" tag="264"><subfield code="3">Jan. 19, 1867-Feb. 27, 1869</subfield><subfield code="a">Rock Island, Ill. :</subfield><subfield code="b">Danforth &amp; Jones</subfield></datafield><datafield ind1="2" ind2="1" tag="264"><subfield code="3">Mar. 1-Dec. 31, 1869</subfield><subfield code="a">Rock Island, Ill. :</subfield><subfield code="b">McNeal &amp; Jones</subfield></datafield><datafield ind1="3" ind2="1" tag="264"><subfield code="3">Jan. 3, 1870-June 17, 1871</subfield><subfield code="a">Rock Island, Ill. :</subfield><subfield code="b">Argus Printing Co.</subfield></datafield><datafield ind1=" " ind2=" " tag="300"><subfield code="a">1 online resource</subfield></datafield><datafield ind1=" " ind2=" " tag="310"><subfield code="a">Daily (except Sunday and holidays)</subfield></datafield><datafield ind1=" " ind2=" " tag="336"><subfield code="a">text</subfield><subfield code="b">txt</subfield><subfield code="2">rdacontent</subfield></datafield><datafield ind1=" " ind2=" " tag="337"><subfield code="a">computer</subfield><subfield code="b">c</subfield><subfield code="2">rdamedia</subfield></datafield><datafield ind1=" " ind2=" " tag="338"><subfield code="a">online resource</subfield><subfield code="b">cr</subfield><subfield code="2">rdacarrier</subfield></datafield><datafield ind1="1" ind2=" " tag="362"><subfield code="a">Began November 29, 1861.</subfield></datafield><datafield ind1="0" ind2=" " tag="362"><subfield code="a">-20th year (June 17, 1871).</subfield></datafield><datafield ind1=" " ind2=" " tag="500"><subfield code="a">"Official city &amp; county paper," June 17, 1870-Apr. 14, 1871.</subfield></datafield><datafield ind1=" " ind2=" " tag="500"><subfield code="a">"The Union must be preserved," Jan. 2-&lt;June 30, 1862&gt;.</subfield></datafield><datafield ind1=" " ind2=" " tag="500"><subfield code="a">"Official paper for the Post Office and City Council," Sept. 26, 1866-Jan. 17, 1867.</subfield></datafield><datafield ind1=" " ind2=" " tag="515"><subfield code="a">Numbering begins with Apr. 11, 1870 issue.</subfield></datafield><datafield ind1=" " ind2=" " tag="515"><subfield code="a">Various date irregularities.</subfield></datafield><datafield ind1=" " ind2=" " tag="530"><subfield code="a">Originally issued in print.</subfield></datafield><datafield ind1=" " ind2=" " tag="588"><subfield code="a">Description based on: Jan. 2, 1862; title from masthead (Chroniclingamerica.loc.gov, viewed October 1, 2014).</subfield></datafield><datafield ind1=" " ind2=" " tag="588"><subfield code="a">Latest issue consulted: December 31, 1869 (Chroniclingamerica.loc.gov, viewed October 1, 2014).</subfield></datafield><datafield ind1=" " ind2="0" tag="651"><subfield code="a">Rock Island (Ill.)</subfield><subfield code="v">Newspapers.</subfield></datafield><datafield ind1=" " ind2="0" tag="651"><subfield code="a">Rock Island County (Ill.)</subfield><subfield code="v">Newspapers.</subfield></datafield><datafield ind1=" " ind2="7" tag="651"><subfield code="a">Illinois</subfield><subfield code="z">Rock Island County.</subfield><subfield code="2">fast</subfield><subfield code="0">(OCoLC)fst01213232</subfield></datafield><datafield ind1=" " ind2="7" tag="651"><subfield code="a">Illinois</subfield><subfield code="z">Rock Island.</subfield><subfield code="2">fast</subfield><subfield code="0">(OCoLC)fst01206059</subfield></datafield><datafield ind1=" " ind2="7" tag="655"><subfield code="a">Newspapers.</subfield><subfield code="2">fast</subfield><subfield code="0">(OCoLC)fst01423814</subfield></datafield><datafield ind1=" " ind2=" " tag="752"><subfield code="a">United States</subfield><subfield code="b">Illinois</subfield><subfield code="c">Rock Island</subfield><subfield code="d">Rock Island.</subfield></datafield><datafield ind1="0" ind2=" " tag="775"><subfield code="t">Rock Island weekly Argus (Online)</subfield></datafield><datafield ind1="0" ind2="8" tag="776"><subfield code="i">Print version:</subfield><subfield code="t">Evening Argus (Rock Island, Ill.)</subfield><subfield code="x">2375-2041</subfield><subfield code="w">(DLC)sn 84038628</subfield><subfield code="w">(OCoLC)11382929</subfield></datafield><datafield ind1="0" ind2="0" tag="780"><subfield code="t">Daily evening Argus (Rock Island, Ill. : Online)</subfield></datafield><datafield ind1="0" ind2="0" tag="785"><subfield code="t">Rock Island Argus (Rock Island, Ill. : 1871 : Online)</subfield><subfield code="x">2377-6072</subfield><subfield code="w">(DLC)  2015218560</subfield><subfield code="w">(OCoLC)904057935</subfield></datafield><datafield ind1="4" ind2="0" tag="856"><subfield code="u">http://www.loc.gov/chroniclingamerica/lccn/sn84038628/issues</subfield></datafield><datafield ind1="1" ind2=" " tag="029"><subfield code="a">NZ1</subfield><subfield code="b">15874204</subfield></datafield><datafield ind1="1" ind2=" " tag="029"><subfield code="a">NZ1</subfield><subfield code="b">16037274</subfield></datafield></record>